@phdthesis{phd:gadelha12,
	author = "Luiz Manoel Rocha Gadelha",
	title = "Gerência de Proveniência em Workflows Científicos Paralelos e Distribuídos",
	year = "2012",
	school = "Universidade Federal do Rio de Janeiro",	
}

@phdthesis{phd:oga11,
	author = "Eduardo Soares Ogasawara",
	title = "Uma Abordagem Algébrica para Workflows Científicos com Dados em Larga Escala",
	year = "2011",
	school = "Universidade Federal do Rio de Janeiro",	
}

@phdthesis{phd:kelly11,
	author = "Kelly Rosa Braghetto",
	title = "Técnicas de Modelagem para a Análise de Desempenho de Processos de Negócio",
	year = "2011",
	school = "Instituto de Matemática e Estatística da Universidade de São Paulo",	
}

@misc{web:ply,
   title = "PLY (Python Lex-Yacc)",
   url = "http://www.dabeaz.com/ply/",
   note = "[Online; acessado em \today]"
}

@misc{web:pyparsing,
   title = "pyparsing - home",
   url = "http://pyparsing.wikispaces.com/",
   note = "[Online; acessado em \today]"
}

@misc{web:python-graph,
   title = "python-graph - A library for working with graphs in Python - Google Project Hosting",
   url = "http://code.google.com/p/python-graph/",
   note = "[Online; acessado em \today]"
}

@misc{web:dot,
   title = "The DOT Language | Graphviz - Graph Visualization Software",
   url = "http://www.graphviz.org/content/dot-language",
   note = "[Online; acessado em \today]"
}

@misc{web:pydot,
   title = "pydot - Python interface to Graphviz's Dot language. - Google Project Hosting",
   url = "https://code.google.com/p/pydot/",
   note = "[Online; acessado em \today]"
}

@misc{web:graphviz,
   title = "Graphviz | Graphviz - Graph Visualization Software",
   url = "http://www.graphviz.org/",
   note = "[Online; acessado em \today]"
}

@misc{web:pepa,
   title = "PEPA - Performance Evaluation Process Algebra",
   url = "http://www.dcs.ed.ac.uk/pepa/",
   note = "[Online; acessado em \today]"
}

@misc{web:pypepa,
   title = "pypepa - Python toolset for PEPA",
   url = "https://github.com/tdi/pyPEPA",
   note = "[Online; acessado em \today]"
}

@misc{web:eclipse,
   title = "Eclipse - The Eclipse Foundation open source community website.",
   url = "http://www.eclipse.org/",
   note = "[Online; acessado em \today]"
}

@misc{web:taverna,
   title = "Taverna - open source and domain independent Workflow Management System",
   url = "http://www.taverna.org.uk/",
   note = "[Online; acessado em \today]"
}

@misc{web:lexyacc,
   title = "The LEX \& YACC Page",
   url = "http://dinosaur.compilertools.net/",
   note = "[Online; acessado em \today]"
}

@misc{web:pygraphexample,
   title = "pygraph",
   url = "http://dl.dropboxusercontent.com/u/1823095/python-graph/docs/index.html",
   note = "[Online; acessado em \today]"
}

@misc{web:pygraphexample2,
   title = "Example - python-graph - python-graph usage example. - A library for working with graphs in Python - Google Project Hosting",
   url = "https://code.google.com/p/python-graph/wiki/Example",
   note = "[Online; acessado em \today]"
}

@misc{web:aboutpepa,
   title = "About Performance Evaluation Process Algebra",
   url = "http://www.dcs.ed.ac.uk/pepa/about/",
   note = "[Online; acessado em \today]"
}